<?xml version="1.0" encoding="UTF-8"?><collection xmlns="http://www.loc.gov/MARC21/slim"><record><leader>00402nam--2200157-i-4500</leader><controlfield tag="001">000037127</controlfield><controlfield tag="002">20161230</controlfield><controlfield tag="005">20170122225949</controlfield><controlfield tag="008">060222s1000------------r-----000-0-eng-d</controlfield><datafield ind1=" " ind2=" " tag="080"><subfield code="a">53:669.017</subfield></datafield><datafield ind1=" " ind2=" " tag="245"><subfield code="a">Probleme de fizica tehnica (trad.din l.rusa)</subfield></datafield><datafield ind1=" " ind2=" " tag="260"><subfield code="a">Bucuresti</subfield><subfield code="b">I.S.R.S</subfield><subfield code="c">1956</subfield></datafield><datafield ind1=" " ind2=" " tag="300"><subfield code="a">273 p.+ 1 F.Pl</subfield></datafield><datafield ind1=" " ind2=" " tag="490"><subfield code="a">Ser.Tehn.Nr.44-45</subfield></datafield><datafield ind1=" " ind2=" " tag="852"><subfield code="a">4223</subfield></datafield><datafield ind1=" " ind2=" " tag="CAT"><subfield code="a">SYS</subfield><subfield code="c">20170122</subfield><subfield code="h">225949</subfield></datafield></record></collection>